%
% Obfuscation
%
@book{nagra2009surreptitious,
  title={Surreptitious software: obfuscation, watermarking, and tamperproofing for software protection},
  author={Nagra, Jasvir and Collberg, Christian},
  year={2009},
  publisher={Pearson Education}
}

@article{collberg2002watermarking,
  title={Watermarking, tamper-proofing, and obfuscation-tools for software protection},
  author={Collberg, Christian S. and Thomborson, Clark},
  journal={Software Engineering, IEEE Transactions on},
  volume={28},
  number={8},
  pages={735--746},
  year={2002},
  publisher={IEEE}
}

@misc{webLLVMobfusc,
  title={{Obfuscator LLVM}},
  howpublished={\url{https://github.com/obfuscator-llvm/obfuscator/wiki}},
  notes={Accessed on: April 8, 2015},
}

@misc{webTigress,
  title={{The Tigress C Diversifier/Obfuscator}},
  howpublished={\url{http://tigress.cs.arizona.edu/index.html}},
  notes={Accessed on: April 8, 2015},
}

@misc{webOpenssl,
  title={{OpenSSL: Cryptography and SSL/TLS Toolkit}},
  howpublished={\url{https://www.openssl.org/}},
  notes={Accessed on: April 8, 2015},
}

%
% Obfuscation & ROP
%
@inproceedings{lu2014ropsteg,
  title={RopSteg: program steganography with return oriented programming},
  author={Lu, Kangjie and Xiong, Siyang and Gao, Debin},
  booktitle={Proceedings of the 4th ACM conference on Data and application security and privacy},
  pages={265--272},
  year={2014},
  organization={ACM}
  Harsh={"This is using ROP for program steganography. Or obfuscation using ROP."}
}

@inproceedings{pappas2012smashing,
  title={Smashing the gadgets: Hindering return-oriented programming using in-place code randomization},
  author={Pappas, Vasilis and Polychronakis, Michalis and Keromytis, Angelos D},
  booktitle={Security and Privacy (SP), 2012 IEEE Symposium on},
  pages={601--615},
  year={2012},
  organization={IEEE}
  Harsh={"This one tries to use obfuscation (by code randomization) as a defense against ROP. Need to read more"}
}

%
% ROP related general papers
% 

@article{wojtczuk2001advanced,
  title={The advanced return-into-lib (c) exploits: PaX case study},
  author={Wojtczuk, RN},
  journal={Phrack Magazine, Volume 0x0b, Issue 0x3a, Phile\# 0x04 of 0x0e},
  year={2001}
}

@misc{krahmer2005x86,
  title={x86-64 buffer overflow exploits and the borrowed code chunks exploitation technique},
  author={Krahmer, Sebastian},
  year={2005}
}

@article{roemer2012return,
  title={Return-oriented programming: Systems, languages, and applications},
  author={Roemer, Ryan and Buchanan, Erik and Shacham, Hovav and Savage, Stefan},
  journal={ACM Transactions on Information and System Security (TISSEC)},
  volume={15},
  number={1},
  pages={2},
  year={2012},
  publisher={ACM}
}

@inproceedings{pappas2012smashing,
  title={Smashing the gadgets: Hindering return-oriented programming using in-place code randomization},
  author={Pappas, Vasilis and Polychronakis, Michalis and Keromytis, Angelos D},
  booktitle={Security and Privacy (SP), 2012 IEEE Symposium on},
  pages={601--615},
  year={2012},
  organization={IEEE}
}

@inproceedings{davi2011ropdefender,
  title={ROPdefender: A detection tool to defend against return-oriented programming attacks},
  author={Davi, Lucas and Sadeghi, Ahmad-Reza and Winandy, Marcel},
  booktitle={Proceedings of the 6th ACM Symposium on Information, Computer and Communications Security},
  pages={40--51},
  year={2011},
  organization={ACM}
}

@incollection{skowyra2013systematic,
  title={Systematic analysis of defenses against return-oriented programming},
  author={Skowyra, Richard and Casteel, Kelly and Okhravi, Hamed and Zeldovich, Nickolai and Streilein, William},
  booktitle={Research in Attacks, Intrusions, and Defenses},
  pages={82--102},
  year={2013},
  publisher={Springer}
}

@inproceedings{shacham2004effectiveness,
  title={On the effectiveness of address-space randomization},
  author={Shacham, Hovav and Page, Matthew and Pfaff, Ben and Goh, Eu-Jin and Modadugu, Nagendra and Boneh, Dan},
  booktitle={Proceedings of the 11th ACM conference on Computer and communications security},
  pages={298--307},
  year={2004},
  organization={ACM}
}

@inproceedings{abadi2005control,
  title={Control-flow integrity},
  author={Abadi, Mart{\'\i}n and Budiu, Mihai and Erlingsson, Ulfar and Ligatti, Jay},
  booktitle={Proceedings of the 12th ACM conference on Computer and communications security},
  pages={340--353},
  year={2005},
  organization={ACM}
}

@inproceedings{frantzen2001stackghost,
  title={StackGhost: Hardware Facilitated Stack Protection.},
  author={Frantzen, Michael and Shuey, Michael},
  booktitle={USENIX Security Symposium},
  volume={112},
  year={2001}
}

@inproceedings{erlingsson2006xfi,
  title={XFI: Software guards for system address spaces},
  author={Erlingsson, Ulfar and Abadi, Mart{\'\i}n and Vrable, Michael and Budiu, Mihai and Necula, George C},
  booktitle={Proceedings of the 7th symposium on Operating systems design and implementation},
  pages={75--88},
  year={2006},
  organization={USENIX Association}
}

@inproceedings{carlini2014rop,
  title={Rop is still dangerous: Breaking modern defenses},
  author={Carlini, Nicholas and Wagner, David},
  booktitle={USENIX Security Symposium},
  year={2014}
}

@inproceedings{pappas2013transparent,
  title={Transparent ROP Exploit Mitigation Using Indirect Branch Tracing.},
  author={Pappas, Vasilis and Polychronakis, Michalis and Keromytis, Angelos D},
  booktitle={USENIX Security},
  pages={447--462},
  year={2013}
}

@inproceedings{cheng2014ropecker,
  title={ROPecker: A generic and practical approach for defending against ROP attacks},
  author={Cheng, Yueqiang and Zhou, Zongwei and Yu, Miao and Ding, Xuhua and Deng, Robert H},
  booktitle={Symposium on Network and Distributed System Security (NDSS)},
  year={2014}
}

@incollection{schuster2014evaluating,
  title={Evaluating the effectiveness of current anti-ROP defenses},
  author={Schuster, Felix and Tendyck, Thomas and Pewny, Jannik and Maa{\ss}, Andreas and Steegmanns, Martin and Contag, Moritz and Holz, Thorsten},
  booktitle={Research in Attacks, Intrusions and Defenses},
  pages={88--108},
  year={2014},
  publisher={Springer}
}

%
% Misc.
%
@misc{webRopgadget,
  title={{ROPgadget}},
  howpublished={\url{http://shell-storm.org/project/ROPgadget/}},
  notes={Accessed on: April 8, 2015},
}

@misc{coreutilsdd,
  title={{GNU Coreutils}},
  howpublished={\url{https://www.gnu.org/software/coreutils/}}
}